<record xmlns="http://www.loc.gov/MARC21/slim" xmlns:xsi="http://www.w3.org/2001/XMLSchema-instance" xsi:schemaLocation="http://www.loc.gov/MARC21/slim http://www.loc.gov/standards/marcxml/schema/MARC21slim.xsd"><leader>01585nam a2200301   4500</leader><controlfield tag="001">001680160</controlfield><controlfield tag="003">NNU</controlfield><controlfield tag="006">m        d        </controlfield><controlfield tag="007">cr cn |||m|||a</controlfield><controlfield tag="008">150116s1952    sy      o     000 0 ara d</controlfield><datafield ind1=" " ind2=" " tag="040"><subfield code="a">NNU</subfield><subfield code="b">eng</subfield><subfield code="c">NNU</subfield></datafield><datafield ind1="1" ind2=" " tag="100"><subfield code="a">&#699;Amr&#299;&#7789;&#299;, Ya&#7717;y&#225; ibn M&#363;s&#225;,</subfield><subfield code="d">fl. 1581.</subfield></datafield><datafield ind1="1" ind2="0" tag="245"><subfield code="a">Nih&#257;yat al-tadr&#299;b f&#299; na&#7827;m Gh&#257;yat al-taqr&#299;b</subfield><subfield code="h">[electronic resource] /</subfield><subfield code="c">ta'l&#299;f Sharaf al-D&#299;n Ya&#7717;y&#225; ibn N&#363;r al-D&#299;n M&#363;s&#225; al-&#699;Amr&#299;&#7789;&#299; ; &#699;uniy&#257; bi-ta&#7779;&#7717;&#299;&#7717;ih&#257; wa-al-ta&#699;l&#299;q &#699;alayh&#257; Mu&#7717;ammad &#7716;asan &#7716;abannakah al-Mayd&#257;n&#299;.</subfield></datafield><datafield ind1=" " ind2=" " tag="260"><subfield code="a">Dimashq :</subfield><subfield code="b">al-Maktabah al-&#699;Arab&#299;yah,</subfield><subfield code="c">1372 [1952]</subfield></datafield><datafield ind1=" " ind2=" " tag="300"><subfield code="a">online resource (188 p.)</subfield></datafield><datafield ind1=" " ind2=" " tag="500"><subfield code="a">A versification of Ab&#363; Shuj&#257;&#699;'s work commonly known under the title: Gh&#257;yat al-ikhti&#7779;&#257;r.</subfield></datafield><datafield ind1=" " ind2=" " tag="500"><subfield code="a">Part of the Arabic Collections Online (ACO) project, contributed by New York Univeristy Libraries.</subfield></datafield><datafield ind1=" " ind2=" " tag="533"><subfield code="a">Electronic reproduction.</subfield><subfield code="b">New York, N.Y. :</subfield><subfield code="c">New York University,</subfield><subfield code="d">2015.</subfield><subfield code="5">NNU</subfield></datafield><datafield ind1=" " ind2="0" tag="650"><subfield code="a">Islamic law.</subfield></datafield><datafield ind1=" " ind2="0" tag="650"><subfield code="a">Shafiites.</subfield></datafield><datafield ind1="1" ind2="2" tag="700"><subfield code="a">Ab&#363; Shuj&#257;&#699; al-I&#7779;fah&#257;n&#299;, A&#7717;mad ibn al-&#7716;usayn,</subfield><subfield code="d">b. ca. 1042.</subfield><subfield code="t">Gh&#257;yat al&#700;-ikhti&#7779;&#257;r.</subfield></datafield><datafield ind1="1" ind2=" " tag="700"><subfield code="a">Mayd&#257;n&#299;, Mu&#7717;ammad &#7716;asan &#7716;abannakah.</subfield></datafield><datafield ind1="2" ind2=" " tag="710"><subfield code="a">New York University.</subfield><subfield code="b">Libraries.</subfield></datafield><datafield ind1="0" ind2=" " tag="730"><subfield code="a">Arabic Collections Online.</subfield></datafield><datafield ind1="0" ind2="8" tag="776"><subfield code="i">Print version:</subfield><subfield code="a">&#699;Amr&#299;&#7789;&#299;, Ya&#7717;y&#225; ibn M&#363;s&#225;, fl. 1581.</subfield><subfield code="t">Nih&#257;yat al-tadr&#299;b f&#299; na&#7827;m Gh&#257;yat al-taqr&#299;b</subfield><subfield code="w">(NNU)001680160</subfield></datafield><datafield ind1="4" ind2="0" tag="856"><subfield code="u">http://hdl.handle.net/2333.1/v9s4mzmn</subfield></datafield><datafield ind1=" " ind2=" " tag="959"><subfield code="a">NNU</subfield><subfield code="b">WEB</subfield><subfield code="c">GENI</subfield><subfield code="t">0</subfield><subfield code="m">Electronic access</subfield><subfield code="s">01</subfield></datafield><datafield ind1=" " ind2=" " tag="999"><subfield code="i">NNU_001680160</subfield><subfield code="o" /><subfield code="e">(ERROR-880)</subfield></datafield></record>